<record><leader>00000cas a22000007a 4500</leader><controlfield tag="001">10842834</controlfield><controlfield tag="008">840614d18311833nhuwr ne      0    0eng d</controlfield><datafield ind1=" " ind2=" " tag="010"><subfield code="a">sn 84023362 </subfield></datafield><datafield ind1=" " ind2=" " tag="040"><subfield code="a">AQM</subfield><subfield code="b">eng</subfield><subfield code="c">AQM</subfield><subfield code="d">KRTAS</subfield><subfield code="d">DLC</subfield><subfield code="d">OCLCQ</subfield></datafield><datafield ind1=" " ind2=" " tag="042"><subfield code="a">msc</subfield></datafield><datafield ind1="0" ind2="0" tag="050"><subfield code="a">Newspaper 8701-X</subfield></datafield><datafield ind1="0" ind2="0" tag="245"><subfield code="a">State herald, the manufacturer's &amp; mechanic's advocate.</subfield></datafield><datafield ind1="3" ind2="0" tag="246"><subfield code="a">State herald, the manufacturer's and mechanic's advocate</subfield></datafield><datafield ind1="1" ind2="3" tag="246"><subfield code="a">State herald</subfield></datafield><datafield ind1=" " ind2=" " tag="260"><subfield code="a">Portsmouth, N.H. :</subfield><subfield code="b">Henry B. Brewster,</subfield><subfield code="c">1831-</subfield></datafield><datafield ind1=" " ind2=" " tag="300"><subfield code="a">v. ;</subfield><subfield code="c">45 cm.</subfield></datafield><datafield ind1=" " ind2=" " tag="310"><subfield code="a">Weekly</subfield></datafield><datafield ind1="0" ind2=" " tag="362"><subfield code="a">Vol. 1, new ser. no. 10 (Apr. 7, 1831)-v. 3, no. 19 (May 9, 1833).</subfield></datafield><datafield ind1=" " ind2="7" tag="655"><subfield code="a">Industry newspapers.</subfield><subfield code="2">ngl</subfield></datafield><datafield ind1=" " ind2="7" tag="655"><subfield code="a">Labor newspapers.</subfield><subfield code="2">ngl</subfield></datafield><datafield ind1=" " ind2=" " tag="752"><subfield code="a">United States</subfield><subfield code="b">New Hampshire</subfield><subfield code="c">Rockingham</subfield><subfield code="d">Portsmouth.</subfield></datafield><datafield ind1="0" ind2="0" tag="780"><subfield code="t">State herald, the factory people's advocate</subfield><subfield code="w">(DLC)sn 90062677</subfield><subfield code="w">(OCoLC)23189789</subfield></datafield><datafield ind1="0" ind2="4" tag="785"><subfield code="t">Portsmouth journal and Rockingham gazette</subfield><subfield code="w">(DLC)sn 84023361</subfield><subfield code="w">(OCoLC)10842778</subfield></datafield><datafield ind1=" " ind2=" " tag="938"><subfield code="a">Kirtas Technologies, Inc.</subfield><subfield code="b">KRTS</subfield><subfield code="n">738510</subfield></datafield><datafield ind1="1" ind2=" " tag="029"><subfield code="a">AU@</subfield><subfield code="b">000025823078</subfield></datafield></record>